@article{sfpaper,
	title = {Similarity Flooding: A Versatile Graph Matching Algorithm},
	author = {Sergey Melnik and Hector Garcia-Molina and Erhard Rahm},
	journal = {Proceedings 18th International Conference on Data Engineering},
	year = {2002}
}

@article{sfpaper_ext,
	title = {Similarity Flooding: A Versatile Graph Matching Algorithm (Extended Technical Report)},
	author = {Sergey Melnik and Hector Garcia-Molina and Erhard Rahm},
	journal = {Proceedings 18th International Conference on Data Engineering},
	year = {2002}
}

@book{generic_model_man,
   title = {Generic Model Management},
   publisher = {Springer},
   author = {Sergey Melnik},
   year = {2004}
}

@misc{decade_after_flooding,
	title = {A Decade After Flooding (10-year Most Influential Paper Award Talk at ICDE'13)},
	author = {Sergey Melnik},
	year = {2013}
}